<record><leader>00000cas a2200000 i 4500</leader><controlfield tag="001">14918537</controlfield><controlfield tag="007">hd afb---baca</controlfield><controlfield tag="007">hd bfb---baaa</controlfield><controlfield tag="008">861203u1969uuuudcuwr nea     0   b0inddc</controlfield><datafield ind1=" " ind2=" " tag="010"><subfield code="a">  2003225398</subfield><subfield code="z">   75940415 </subfield></datafield><datafield ind1=" " ind2=" " tag="040"><subfield code="a">COO</subfield><subfield code="b">eng</subfield><subfield code="c">COO</subfield><subfield code="d">CRL</subfield><subfield code="d">DLC</subfield><subfield code="d">OCLCQ</subfield><subfield code="d">OCLCF</subfield><subfield code="d">OCLCO</subfield><subfield code="d">OCLCQ</subfield></datafield><datafield ind1=" " ind2=" " tag="042"><subfield code="a">pcc</subfield></datafield><datafield ind1=" " ind2=" " tag="043"><subfield code="a">a-io---</subfield></datafield><datafield ind1="0" ind2="0" tag="050"><subfield code="a">Newspaper</subfield></datafield><datafield ind1="0" ind2="0" tag="245"><subfield code="a">Minggu chas.</subfield></datafield><datafield ind1="1" ind2=" " tag="246"><subfield code="i">Issues for minggu ke-4 Ag. 1972- have title:</subfield><subfield code="a">Minggu khas</subfield></datafield><datafield ind1="3" ind2="0" tag="246"><subfield code="a">Chas</subfield></datafield><datafield ind1="3" ind2="0" tag="246"><subfield code="a">Khas</subfield></datafield><datafield ind1=" " ind2=" " tag="260"><subfield code="a">Djakarta :</subfield><subfield code="b">Jajasan Aneka Daya</subfield></datafield><datafield ind1=" " ind2=" " tag="300"><subfield code="a">volumes :</subfield><subfield code="b">illustrations</subfield></datafield><datafield ind1=" " ind2=" " tag="310"><subfield code="a">Weekly</subfield></datafield><datafield ind1=" " ind2=" " tag="336"><subfield code="a">text</subfield><subfield code="b">txt</subfield><subfield code="2">rdacontent</subfield></datafield><datafield ind1=" " ind2=" " tag="337"><subfield code="a">microform</subfield><subfield code="b">h</subfield><subfield code="2">rdamedia</subfield></datafield><datafield ind1=" " ind2=" " tag="338"><subfield code="a">microfilm reel</subfield><subfield code="b">hd</subfield><subfield code="2">rdacarrier</subfield></datafield><datafield ind1="0" ind2=" " tag="362"><subfield code="a">Th. 1, no. 1 (minggu ke-3 Apr. 1969)-</subfield></datafield><datafield ind1=" " ind2=" " tag="500"><subfield code="a">"Untuk pembangunan nasional."</subfield></datafield><datafield ind1=" " ind2=" " tag="588"><subfield code="a">Latest issue consulted: Th. ke 5, no. 209 (minggu ke-1 Mei 1973).</subfield></datafield><datafield ind1=" " ind2=" " tag="533"><subfield code="a">Microfilm.</subfield><subfield code="b">Washington, D.C. :</subfield><subfield code="c">Library of Congress, Photoduplication Service.</subfield><subfield code="e">microfilm reels ; 35 mm.</subfield></datafield><datafield ind1=" " ind2="0" tag="651"><subfield code="a">Jakarta (Indonesia)</subfield><subfield code="v">Newspapers.</subfield></datafield><datafield ind1=" " ind2="7" tag="651"><subfield code="a">Indonesia</subfield><subfield code="z">Jakarta.</subfield><subfield code="2">fast</subfield><subfield code="0">(OCoLC)fst01209063</subfield></datafield><datafield ind1=" " ind2="7" tag="655"><subfield code="a">Newspapers.</subfield><subfield code="2">fast</subfield><subfield code="0">(OCoLC)fst01423814</subfield></datafield><datafield ind1=" " ind2=" " tag="752"><subfield code="a">Indonesia</subfield><subfield code="d">Jakarta.</subfield></datafield><datafield ind1="1" ind2=" " tag="029"><subfield code="a">AU@</subfield><subfield code="b">000024946566</subfield></datafield></record>